<?xml version="1.0" encoding="UTF-8"?><collection xmlns="http://www.loc.gov/MARC21/slim"><record><leader>00397nam--2200145-i-4500</leader><controlfield tag="001">000032040</controlfield><controlfield tag="002">20161230</controlfield><controlfield tag="005">20161230201039</controlfield><controlfield tag="008">060222s1000------------r-----000-0-eng-d</controlfield><datafield ind1=" " ind2=" " tag="080"><subfield code="a">536.7:621.3</subfield></datafield><datafield ind1=" " ind2=" " tag="100"><subfield code="a">Messerle, H.K</subfield></datafield><datafield ind1=" " ind2=" " tag="245"><subfield code="a">Energy conversion statics</subfield></datafield><datafield ind1=" " ind2=" " tag="260"><subfield code="a">New York, Academic Press, 1969. Xv + 344p</subfield></datafield><datafield ind1=" " ind2=" " tag="490"><subfield code="a">Electrical Science.A Series Of Monographs And Texts</subfield></datafield><datafield ind1=" " ind2=" " tag="852"><subfield code="a">33072</subfield></datafield></record></collection>